@Manual{1,
    title = {IDF Diabetes Atlas, 10th Edition},
    organization = {International Diabetes Federation},
    year = {2021},
    url = {https://diabetesatlas.org/idfawp/resource-files/2021/07/IDF_Atlas_10th_Edition_2021.pdf}
    }

@Manual{2,
    title = {National Diabetes Statistics Report},
    organization = {Centers for Disease Control},
    year = {2024},
    url = {https://www.cdc.gov/diabetes/php/data-research/?CDC_AAref_Val=https://www.cdc.gov/diabetes/data/statistics-report/index.html}
    }

@Manual{3,
    title = {Economic Costs of Diabetes in the U.S. in 2022},
    author = {Emily D. Parker; Janice Lin; Troy Mahoney; Nwanneamaka Ume; Grace Yang; Robert A. Gabbay; Nuha A. ElSayed; Raveendhara R. Bannuru},
    organization = {American Diabetes Association},
    year = {2023},
    url = {https://diabetesjournals.org/care/article/47/1/26/153797/Economic-Costs-of-Diabetes-in-the-U-S-in-2022}
    }

@Manual{4,
    title = {Retinopathy and Risk of Kidney Disease in Persons With Diabetes},
    author ={Jingyao Hong, Aditya Surapaneni, Natalie Daya, Elizabeth Selvin, Josef Coresh, Morgan E Grams, Shoshana H Ballew},
    organization = {National Institute of Health},
    year = {2021},
    url = {https://pmc.ncbi.nlm.nih.gov/articles/PMC8515075/}
    }

@Manual{5,
    title = {Public Health Approaches to Type 2 Diabetes Prevention: the US National Diabetes Prevention Program and Beyond},
    author = {Stephanie M Gruss,Kunthea Nhim,Edward Gregg,Miriam Bell,Elizabeth Luman, Ann Albright},
    organization = {National Institute of Health},
    year = {2019},
    url = {https://pmc.ncbi.nlm.nih.gov/articles/PMC6682852/}
    }

@Manual{6,
    title = {Racial and Ethnic Disparities in Diabetes
Prevalence, Self-Management, and Health
Outcomes among Medicare Beneficiaries},
    organization = {Centers for Medicare & Medicaid Services},
    year = {2017},
    url = {https://www.cms.gov/About-CMS/Agency-Information/OMH/Downloads/March-2017-Data-Highlight.pdf#:~:text=Diabetes%20prevalence%20was%20higher%20among%20Black%20(30.0,beneficiaries%20who%20were%20male%20(22.3%20percent%20vs.}
    }

@Manual{7,
    title = {Optimization of Multigrain Premix for High Protein and Dietary Fibre Biscuits Using Response Surface Methodology (RSM)},
    author = {Donald K Cherry, David A Woodwell, Elizabeth A Rechtsteiner},
    organization = {National Institute of Health},
    year = {2007},
    url = {https://pubmed.ncbi.nlm.nih.gov/17703793/}
    }

    






